<record><leader>00000cas a22000007a 4500</leader><controlfield tag="001">22725211</controlfield><controlfield tag="008">901121d18711874aruwr ne      0    0eng d</controlfield><datafield ind1=" " ind2=" " tag="010"><subfield code="a">sn 90050326 </subfield></datafield><datafield ind1=" " ind2=" " tag="040"><subfield code="a">ANU</subfield><subfield code="b">eng</subfield><subfield code="c">ANU</subfield><subfield code="d">MGN</subfield><subfield code="d">OCLCQ</subfield><subfield code="d">OCLCF</subfield><subfield code="d">OCLCO</subfield></datafield><datafield ind1="1" ind2=" " tag="029"><subfield code="a">AU@</subfield><subfield code="b">000025848137</subfield></datafield><datafield ind1=" " ind2=" " tag="042"><subfield code="a">msc</subfield></datafield><datafield ind1=" " ind2=" " tag="043"><subfield code="a">n-us-ar</subfield></datafield><datafield ind1="0" ind2="4" tag="245"><subfield code="a">The Wittsburg gazette.</subfield></datafield><datafield ind1=" " ind2=" " tag="260"><subfield code="a">Wittsburg, Cross County, Ark. :</subfield><subfield code="b">T.O. Fitzpatrick</subfield></datafield><datafield ind1=" " ind2=" " tag="300"><subfield code="a">v.</subfield></datafield><datafield ind1=" " ind2=" " tag="310"><subfield code="a">Weekly</subfield></datafield><datafield ind1="1" ind2=" " tag="362"><subfield code="a">Began June 2, 1871; ceased in Nov. 1874.</subfield></datafield><datafield ind1=" " ind2=" " tag="500"><subfield code="a">Editors: E. and C.E. Ferry, &lt;1874&gt;.</subfield></datafield><datafield ind1=" " ind2=" " tag="588"><subfield code="a">Description based on: Vol. 2, no. 49 (May 9, 1873).</subfield></datafield><datafield ind1=" " ind2="0" tag="651"><subfield code="a">Wittsburg (Ark.)</subfield><subfield code="v">Newspapers.</subfield></datafield><datafield ind1=" " ind2="7" tag="655"><subfield code="a">Newspapers.</subfield><subfield code="2">fast</subfield><subfield code="0">(OCoLC)fst01423814</subfield></datafield><datafield ind1=" " ind2="7" tag="651"><subfield code="a">Arkansas</subfield><subfield code="z">Wittsburg.</subfield><subfield code="2">fast</subfield><subfield code="0">(OCoLC)fst01215762</subfield></datafield><datafield ind1=" " ind2=" " tag="752"><subfield code="a">United States</subfield><subfield code="b">Arkansas</subfield><subfield code="c">Cross</subfield><subfield code="d">Wittsburg.</subfield></datafield><datafield ind1="0" ind2="0" tag="785"><subfield code="t">Wittsburg phoenix</subfield><subfield code="w">(DLC)sn 84022993</subfield></datafield></record>